<?xml version="1.0" encoding="UTF-8"?><collection xmlns="http://www.loc.gov/MARC21/slim"><record><leader>00640nam--2200193-i-4500</leader><controlfield tag="001">000014208</controlfield><controlfield tag="002">20161230</controlfield><controlfield tag="005">20161230201030</controlfield><controlfield tag="008">060222s1000------------r-----000-0-eng-d</controlfield><datafield ind1=" " ind2=" " tag="020"><subfield code="a">9971950081</subfield></datafield><datafield ind1=" " ind2=" " tag="040"><subfield code="a">IFIN-HH</subfield></datafield><datafield ind1=" " ind2=" " tag="080"><subfield code="a">539.12.162.7(061.3)</subfield></datafield><datafield ind1="1" ind2=" " tag="100"><subfield code="a">Bergere, R./S.A.</subfield></datafield><datafield ind1="1" ind2="0" tag="245"><subfield code="a">Intermediate energy nuclear physics</subfield><subfield code="b">Proceedings of the international school of intermediate energy nuclear physics, verona, italy, july, 1981</subfield><subfield code="c">R. bergere, s. costa, c. schaerf (eds.)</subfield></datafield><datafield ind1=" " ind2=" " tag="260"><subfield code="a">Singapore</subfield><subfield code="b">World Scientific</subfield><subfield code="c">1982</subfield></datafield><datafield ind1=" " ind2=" " tag="300"><subfield code="a">439 P</subfield></datafield><datafield ind1="1" ind2=" " tag="700"><subfield code="a">Schaerf, C</subfield><subfield code="e">Ed</subfield></datafield><datafield ind1=" " ind2=" " tag="852"><subfield code="a">70267</subfield><subfield code="c">539.12</subfield></datafield><datafield ind1=" " ind2=" " tag="CAT"><subfield code="a">Sys</subfield><subfield code="c">20111208</subfield><subfield code="h">162343</subfield></datafield></record></collection>